<?xml version="1.0" encoding="UTF-8"?><collection xmlns="http://www.loc.gov/MARC21/slim"><record><leader>00373nam--2200133-i-4500</leader><controlfield tag="001">000043965</controlfield><controlfield tag="002">20161230</controlfield><controlfield tag="005">20161230201044</controlfield><controlfield tag="008">060222s1000------------r-----000-0-eng-d</controlfield><datafield ind1=" " ind2=" " tag="080"><subfield code="a">539.074</subfield></datafield><datafield ind1=" " ind2=" " tag="245"><subfield code="a">Technical issues in infrared detectors and arrays</subfield></datafield><datafield ind1=" " ind2=" " tag="260"><subfield code="a">Washington, The Int.Soc.For Optical Engineering, 1983. Vi+130 P</subfield></datafield><datafield ind1=" " ind2=" " tag="700"><subfield code="a">Estherkrikorian</subfield></datafield><datafield ind1=" " ind2=" " tag="852"><subfield code="a">72483</subfield></datafield></record></collection>